@online{stufe_getraenke,
  author = {Schweizerische Gesellschaft für Ernährung},
  title = {Getränke},
  url = {https://www.sge-ssn.ch/media/stufe_getraenke.pdf},
  urldate = {2020-11-23},
  organization = {Schweizerische Gesellschaft für Ernährung}
}
@online{stufe_gemuese_fruechte,
  author = {Schweizerische Gesellschaft für Ernährung},
  title = {Gemüse \& Früchte},
  url = {https://www.sge-ssn.ch/media/stufe_gemuese_fruechte.pdf},
  urldate = {2020-11-23},
  organization = {Schweizerische Gesellschaft für Ernährung}
}
@online{stufe_getreideprodukte_kartoffeln_huelsenfruechte,
  author = {Schweizerische Gesellschaft für Ernährung},
  title = {Getreideprodukte, Kartoffeln \& Hülsenfrüchte},
  url = {https://www.sge-ssn.ch/media/stufe_getreideprodukte_kartoffeln_huelsenfruechte.pdf},
  urldate = {2020-11-23},
  organization = {Schweizerische Gesellschaft für Ernährung}
}
@online{stufe_milch_milchprodukte,
  author = {Schweizerische Gesellschaft für Ernährung},
  title = {Milch und Milchprodukte},
  url = {https://www.sge-ssn.ch/media/Stufe_Milch_Milchprodukte.pdf},
  urldate = {2020-11-23},
  organization = {Schweizerische Gesellschaft für Ernährung}
}
@online{stufe_fleisch_fisch_eier_tofu_2,
  author = {Schweizerische Gesellschaft für Ernährung},
  title = {Fleisch, Fisch, Eier \& Tofu},
  url = {https://www.sge-ssn.ch/media/Stufe_Fleisch_Fisch_Eier_Tofu_2.pdf},
  urldate = {2020-11-23},
  organization = {Schweizerische Gesellschaft für Ernährung}
}
@online{stufe_le_fette_nuesse,
  author = {Schweizerische Gesellschaft für Ernährung},
  title = {Öle, Fette \& Nüsse},
  url = {https://www.sge-ssn.ch/media/stufe_le_fette_nuesse.pdf},
  urldate = {2020-11-23},
  organization = {Schweizerische Gesellschaft für Ernährung}
}
@online{stufe_suesses_salziges_alkoholisches,
  author = {Schweizerische Gesellschaft für Ernährung},
  title = {Süsses, Salziges \& Alkoholisches},
  url = {https://www.sge-ssn.ch/media/stufe_suesses_salziges_alkoholisches.pdf},
  urldate = {2020-11-23},
  organization = {Schweizerische Gesellschaft für Ernährung}
}
@online{stufe_suesses_salziges_alkoholisches,
  author = {Schweizerische Gesellschaft für Ernährung},
  title = {Süsses, Salziges \& Alkoholisches},
  url = {https://www.sge-ssn.ch/media/stufe_suesses_salziges_alkoholisches.pdf},
  urldate = {2020-11-23},
  organization = {Schweizerische Gesellschaft für Ernährung}
}
‌@online{gesundheit_definition,
  author = {Autoren der Wikimedia-Projekte},
  month = {08},
  publisher = {Wikimedia Foundation, Inc.},
  title = {Zustand des vollständigen körperlichen, geistigen und sozialen Wohlergehens},
  url = {https://de.wikipedia.org/wiki/Gesundheit#Definitionen},
  urldate = {2020-11-24},
  year = {2001},
  organization = {Wikipedia.org}
}
@online{bewegungsfoerderung,
  author = {Bundesamt für Gesundheit BAG},
  title = {Bewegungsförderung},
  url = {https://www.bag.admin.ch/bag/de/home/gesund-leben/gesundheitsfoerderung-und-praevention/bewegungsfoerderung.html},
  urldate = {2020-11-24},
  year = {2014},
  organization = {Admin.ch}
}
@online{hormone-bei-bewegung,
  author = {Mutter, Rosalie},
  month = {10},
  publisher = {CSS Versicherung},
  title = {Welche Hormone werden bei Bewegung freigesetzt?},
  url = {https://www.css.ch/de/privatkunden/meine-gesundheit/bewegung/fitness-bewegungstipps/hormone-bei-bewegung.html},
  urldate = {2020-11-24},
  year = {2018},
  organization = {CSS Versicherung}
}
@online{bundesamtfrstatistik_2015_schlafstoerungen,
  author = {Bundesamt für Statistik},
  month = {05},
  title = {Schlafstörungen in der Bevölkerung - Schweizerische Gesundheitsbefragung 2012},
  url = {https://www.bfs.admin.ch/bfs/de/home/statistiken/gesundheit/erhebungen/sgb.assetdetail.350820.html},
  urldate = {2020-11-24},
  year = {2015},
  organization = {Bundesamt für Statistik}
}
@online{schlaf-grundbeduerfnis-und-lebenselixier,
  author = {Gesundheit.de},
  month = {02},
  publisher = {Gesundheit.de},
  title = {Schlaf - Grundbedürfnis und Lebenselixier},
  url = {https://www.gesundheit.de/krankheiten/gehirn-und-nerven/schlafstoerungen/schlaf-grundbeduerfnis-und-lebenselixier},
  urldate = {2020-11-24},
  year = {2006},
  organization = {Gesundheit.de}
}
@online{bundesamtfrstatistik_2019_arbeitsbedingungen,
  author = {Bundesamt für Statistik},
  month = {08},
  title = {Arbeitsbedingungen und Gesundheitszustand, 2012-2017 - Schweizerischen Gesundheitsbefragung (SGB)},
  url = {https://www.bfs.admin.ch/bfs/de/home/aktuell/neue-veroeffentlichungen.assetdetail.9366230.html},
  urldate = {2020-11-24},
  year = {2019},
  organization = {Bundesamt für Statistik}
}
@online{stress-symptoms,
  month = {06},
  publisher = {Healthdirect Australia},
  title = {Symptoms of stress},
  url = {https://www.healthdirect.gov.au/stress-symptoms},
  urldate = {2020-11-24},
  year = {2020},
  organization = {Healthdirect.gov.au}
}
@online{bundesamtfrgesundheitbag_2020_aufstehen,
  author = {Bundesamt für Gesundheit BAG},
  title = {Aufstehen},
  url = {https://www.bag.admin.ch/bag/de/home/gesund-leben/gesundheitsfoerderung-und-praevention/bewegungsfoerderung/auf-stehen.html},
  urldate = {2020-11-24},
  year = {2020},
  organization = {Admin.ch}
}
@online{bundesamtfrgesundheitbag_2015_tabak,
  author = {Bundesamt für Gesundheit BAG},
  title = {Tabak verursacht jährlich 9500 Todesfälle},
  url = {https://www.bag.admin.ch/bag/de/home/gesund-leben/sucht-und-gesundheit/tabak.html},
  urldate = {2020-11-24},
  year = {2015},
  organization = {Admin.ch}
}
@online{all-about-body-type-eating,
  author = {Kollias, Helen and Andrews, Ryan},
  month = {02},
  publisher = {Precision Nutrition},
  title = {Body type dieting for ectomorphs, endomorphs, and mesomorphs: Is it right for you?},
  url = {https://www.precisionnutrition.com/all-about-body-type-eating},
  urldate = {2020-11-24},
  year = {2009},
  organization = {Precision Nutrition}
}
@online{bulletjournal_2020,
  author = {Bullet Journal},
  title = {Bullet Journal},
  url = {https://bulletjournal.com/},
  urldate = {2020-11-25},
  year = {2020},
  organization = {Bullet Journal}
}